[
  [
    "Monster Original Energy Drink,16 oz",
    "Monster",
    "$3.29 – ",
    "20.6¢/oz.",
    "$8.99",
    "14.0¢/oz.",
    "2 for $5.50 or $3.29 ea.",
    "https://www.cvs.com/bizcontent/merchandising/productimages/large/70847811169.jpg?im=Resize=(205,205)"
  ],
  [
    "Monster Original Mega Energy Drink, 24 oz",
    "Monster",
    "$4.49",
    "18.7¢/oz.",
    "https://www.cvs.com/bizcontent/merchandising/productimages/large/70847811244.jpg?im=Resize=(205,205)"
  ],
  [
    "Monster Energy Juice, 16 oz",
    "Monster",
    "$3.29",
    "20.6¢/oz.",
    "2 for $5.50 or $3.29 ea.",
    "https://www.cvs.com/bizcontent/merchandising/productimages/large/70847029014.jpg?im=Resize=(205,205)"
  ],
  [
    "Monster Energy, Zero Ultra, 4 ct, Cans, 16 oz",
    "Monster",
    "$8.99",
    "14.0¢/oz.",
    "https://www.cvs.com/bizcontent/merchandising/productimages/large/7084701324.jpg?im=Resize=(205,205)"
  ],
  [
    "Monster Energy, Ultra Sunrise, 16 oz",
    "Monster",
    "$3.29",
    "20.6¢/oz.",
    "2 for $5.50 or $3.29 ea.",
    "https://www.cvs.com/bizcontent/merchandising/productimages/large/7084702090.jpg?im=Resize=(205,205)"
  ],
  [
    "Monster Energy, Ultra Strawberry Dreams, 16 oz",
    "Monster",
    "$3.29",
    "20.6¢/oz.",
    "2 for $5.50 or $3.29 ea.",
    "https://www.cvs.com/bizcontent/merchandising/productimages/large/7084789185.jpg?im=Resize=(205,205)"
  ],
  [
    "Monster Zero Sugar Energy Drink, 16 oz",
    "Monster",
    "$3.29",
    "20.6¢/oz.",
    "2 for $5.50 or $3.29 ea.",
    "https://www.cvs.com/bizcontent/merchandising/productimages/large/7084700509.jpg?im=Resize=(205,205)"
  ],
  [
    "Monster Reserve Energy Drink, Watermelon, 16 oz",
    "Monster",
    "$3.29",
    "20.6¢/oz.",
    "2 for $5.50 or $3.29 ea.",
    "https://www.cvs.com/bizcontent/merchandising/productimages/large/70847037828.jpg?im=Resize=(205,205)"
  ],
  [
    "Monster Energy, Ultra Fiesta Mango, 16 oz",
    "Monster",
    "$3.29",
    "20.6¢/oz.",
    "2 for $5.50 or $3.29 ea.",
    "https://www.cvs.com/bizcontent/merchandising/productimages/large/7084703462.jpg?im=Resize=(205,205)"
  ],
  [
    "Monster Energy, Ultra Watermelon, 16 oz",
    "Monster",
    "$3.29",
    "20.6¢/oz.",
    "2 for $5.50 or $3.29 ea.",
    "https://www.cvs.com/bizcontent/merchandising/productimages/large/7084703798.jpg?im=Resize=(205,205)"
  ],
  [
    "Monster Energy, Zero Ultra, 24 oz",
    "Monster",
    "$4.49",
    "18.7¢/oz.",
    "https://www.cvs.com/bizcontent/merchandising/productimages/large/7084701770.jpg?im=Resize=(205,205)"
  ],
  [
    "Java Monster Coffee + Energy Drink, 15 oz",
    "Monster",
    "$3.79",
    "25.3¢/oz.",
    "2 for $6.50 or $3.79 ea.",
    "https://www.cvs.com/bizcontent/merchandising/productimages/large/70847024026.jpg?im=Resize=(205,205)"
  ],
  [
    "Monster Lo-Carb Energy Drink, 16 oz",
    "Monster",
    "$3.29 – ",
    "20.6¢/oz.",
    "$4.49",
    "18.7¢/oz.",
    "2 for $5.50 or $3.29 ea.",
    "https://www.cvs.com/bizcontent/merchandising/productimages/large/70847811268.jpg?im=Resize=(205,205)"
  ],
  [
    "Monster Rehab Energy Drink, 15.5 OZ",
    "Monster",
    "$3.29",
    "21.2¢/oz.",
    "2 for $5.50 or $3.29 ea.",
    "https://www.cvs.com/bizcontent/merchandising/productimages/large/7084703843.jpg?im=Resize=(205,205)"
  ],
  [
    "Monster Energy, Rehab Tea and Lemonade, 15.5 oz",
    "Monster",
    "$3.29",
    "21.2¢/oz.",
    "2 for $5.50 or $3.29 ea.",
    "https://www.cvs.com/bizcontent/merchandising/productimages/large/7084700322.jpg?im=Resize=(205,205)"
  ],
  [
    "Monster Energy, Rehab Peach Tea, 15.5 oz",
    "Monster",
    "$3.29",
    "21.2¢/oz.",
    "2 for $5.50 or $3.29 ea.",
    "https://www.cvs.com/bizcontent/merchandising/productimages/large/7084702152.jpg?im=Resize=(205,205)"
  ],
  [
    "Monster Energy, Ultra Peachy Keen, 16 oz",
    "Monster",
    "$3.29",
    "20.6¢/oz.",
    "2 for $5.50 or $3.29 ea.",
    "https://www.cvs.com/bizcontent/merchandising/productimages/large/7084702942.jpg?im=Resize=(205,205)"
  ],
  [
    "Monster Energy, Reserve Orange Dreamsicle, 16 oz",
    "Monster",
    "$3.29",
    "20.6¢/oz.",
    "https://www.cvs.com/bizcontent/merchandising/productimages/large/?im=Resize=(205,205)"
  ],
  [
    "Monster Energy, Zero Ultra, 6 ct, Cans, 72 oz",
    "Monster",
    "$11.99",
    "16.7¢/oz.",
    "https://www.cvs.com/bizcontent/merchandising/productimages/large/7084702834.jpg?im=Resize=(205,205)"
  ],
  [
    "Monster Energy, Rehab Strawberry Lemonade, 15.5 oz",
    "Monster",
    "$3.29",
    "21.2¢/oz.",
    "https://www.cvs.com/bizcontent/merchandising/productimages/large/7084703843.jpg?im=Resize=(205,205)"
  ],
  [
    "Monster Energy, Zero Sugar, 16 oz",
    "Monster",
    "$3.29",
    "20.6¢/oz.",
    "In stock at 74 Main...",
    "https://www.cvs.com/bizcontent/merchandising/productimages/large/7084700509.jpg?im=Resize=(205,205)"
  ],
  [
    "Monster, Ultra Watermelon, 6 ct, Cans, 72 oz",
    "Monster",
    "$8.99",
    "18.7¢/oz.",
    "https://www.cvs.com/bizcontent/merchandising/productimages/large/?im=Resize=(205,205)"
  ]
]