[
  [
    "Organic Banana, 1ct, 4 oz",
    "Open Product Description",
    "$0.17 avg/ea",
    "$0.04/oz",
    "Final cost based on weight",
    "https://assets.wakefern.com/is/image/wakefern/94011-001?$Mi9Product_cell$"
  ],
  [
    "Yellow Banana, 1 ct, 4 oz",
    "Open Product Description",
    "$0.15 avg/ea",
    "$0.04/oz",
    "Final cost based on weight",
    "https://assets.wakefern.com/is/image/wakefern/4011-001?$Mi9Product_cell$"
  ],
  [
    "Green Cooking Bananas, 1 ct, 8 oz",
    "Open Product Description",
    "$0.25 avg/ea",
    "$0.49/lb",
    "Final cost based on weight",
    "https://assets.wakefern.com/is/image/wakefern/ThinkstockPhotos-682216304?$Mi9Product_cell$"
  ],
  [
    "Fresh Plantain, 1 each",
    "Open Product Description",
    "$0.66",
    "https://assets.wakefern.com/is/image/wakefern/plantains_TS153094089?$Mi9Product_cell$"
  ],
  [
    "Green Plantain, 1 each",
    "Open Product Description",
    "$0.66",
    "https://assets.wakefern.com/is/image/wakefern/4235-001?$Mi9Product_cell$"
  ],
  [
    "Bowl & Basket Sliced Bananas, 48 oz",
    "Open Product Description",
    "$9.99",
    "$0.21/oz",
    "https://assets.wakefern.com/is/image/wakefern/4119041080-597?$Mi9Product_cell$"
  ],
  [
    "WOODSTOCK Organic Slices of Banana, 8 oz",
    "Open Product Description",
    "$2.49",
    "was $3.49",
    "$0.31/oz",
    "Offer Valid: Oct 29th - Nov 4th",
    "https://assets.wakefern.com/is/image/wakefern/4256301700-001?$Mi9Product_cell$"
  ],
  [
    "Wholesome Pantry Organic Banana Chips, 8 oz",
    "Open Product Description",
    "$2.99",
    "$0.37/oz",
    "https://assets.wakefern.com/is/image/wakefern/4119007358-001?$Mi9Product_cell$"
  ],
  [
    "Bowl & Basket Banana Chips, 6 oz",
    "Open Product Description",
    "$1.99",
    "$0.33/oz",
    "https://assets.wakefern.com/is/image/wakefern/4119007321-597?$Mi9Product_cell$"
  ],
  [
    "Bowl & Basket Strawberry Banana Blend, 48 oz",
    "Open Product Description",
    "$9.99",
    "$0.21/oz",
    "https://assets.wakefern.com/is/image/wakefern/4119041096-001?$Mi9Product_cell$"
  ],
  [
    "Diana's Bananas Real Dark Chocolate Banana Halves 4 ea",
    "Open Product Description",
    "$4.99",
    "$0.54/oz",
    "https://assets.wakefern.com/is/image/wakefern/74349000413-001?$Mi9Product_cell$"
  ],
  [
    "Diana's Bananas Real Milk Chocolate Banana Halves 4 ea",
    "Open Product Description",
    "$4.99",
    "$0.54/oz",
    "https://assets.wakefern.com/is/image/wakefern/74349000410-001?$Mi9Product_cell$"
  ],
  [
    "Ava's Natural Banana Chips, 12 oz",
    "Open Product Description",
    "$6.99",
    "$0.58/oz",
    "https://assets.wakefern.com/is/image/wakefern/81011101107-001?$Mi9Product_cell$"
  ],
  [
    "Chiquita Banana Bread Mix, 13.7 oz",
    "Open Product Description",
    "$3.59",
    "$0.26/oz",
    "https://assets.wakefern.com/is/image/wakefern/4140900247-001?$Mi9Product_cell$"
  ],
  [
    "Dole Strawberries, Peaches, & Bananas, 14 oz",
    "Open Product Description",
    "$5.39",
    "$0.38/oz",
    "https://assets.wakefern.com/is/image/wakefern/7120217120-001?$Mi9Product_cell$"
  ],
  [
    "Jiffy Banana Muffin Mix, 7 oz",
    "Open Product Description",
    "$1.19",
    "$0.17/oz",
    "https://assets.wakefern.com/is/image/wakefern/7248600929-001?$Mi9Product_cell$"
  ],
  [
    "Klein's Delights Banana Chips, 5 oz",
    "Open Product Description",
    "$2.39",
    "$0.48/oz",
    "https://assets.wakefern.com/is/image/wakefern/74031220900-001?$Mi9Product_cell$"
  ],
  [
    "McCormick Banana Extract, 1 fl oz",
    "Open Product Description",
    "$5.99",
    "$5.99/fl oz",
    "https://assets.wakefern.com/is/image/wakefern/5210007067-001?$Mi9Product_cell$"
  ],
  [
    "PF Snacks Banana Chips, 8 oz",
    "Open Product Description",
    "$2.99",
    "$0.37/oz",
    "https://assets.wakefern.com/is/image/wakefern/81471901559-001?$Mi9Product_cell$"
  ],
  [
    "Thomas' Banana Swirl Bread, 16 oz",
    "Open Product Description",
    "$2.49",
    "was $3.49",
    "$0.16/oz",
    "Offer Valid: Oct 29th - Nov 4th",
    "https://assets.wakefern.com/is/image/wakefern/4812122902-001?$Mi9Product_cell$"
  ],
  [
    "Barnana Coconut Organic Banana Bites, 3.5 oz",
    "Open Product Description",
    "$3.49",
    "was $4.99",
    "$1.00/oz",
    "Offer Valid: Oct 29th - Nov 4th",
    "https://assets.wakefern.com/is/image/wakefern/85768200304-001?$Mi9Product_cell$"
  ],
  [
    "Barnana Original Organic Banana Bites, 3.5 oz",
    "Open Product Description",
    "$3.49",
    "was $4.99",
    "$1.00/oz",
    "Offer Valid: Oct 29th - Nov 4th",
    "https://assets.wakefern.com/is/image/wakefern/85768200300-001?$Mi9Product_cell$"
  ],
  [
    "Goya Strawberry Banana Nectar, 9.6 fl oz",
    "Open Product Description",
    "$1.09",
    "$0.11/oz",
    "https://assets.wakefern.com/is/image/wakefern/4133112762-001?$Mi9Product_cell$"
  ],
  [
    "Krusteaz Banana Nut Muffin Mix, 15.4 oz",
    "Open Product Description",
    "$3.00",
    "was $3.59",
    "$0.19/oz",
    "With Price Plus Club Card",
    "Offer Valid: Oct 29th - Nov 4th",
    "https://assets.wakefern.com/is/image/wakefern/4144940227-001?$Mi9Product_cell$"
  ],
  [
    "Krusteaz Banana Quick Bread Mix, 15 oz",
    "Open Product Description",
    "$3.49",
    "$0.23/oz",
    "https://assets.wakefern.com/is/image/wakefern/4144910904-001?$Mi9Product_cell$"
  ],
  [
    "Bakery On Main Organic Probiotic Walnut Banana Oatmeal Cup",
    "Open Product Description",
    "$1.99",
    "$1.05/oz",
    "https://assets.wakefern.com/is/image/wakefern/83522800647-001?$Mi9Product_cell$"
  ],
  [
    "Barnana Dark Chocolate Dipped Banana Bites, 3.5 oz",
    "Open Product Description",
    "$3.49",
    "was $4.99",
    "$1.00/oz",
    "Offer Valid: Oct 29th - Nov 4th",
    "https://assets.wakefern.com/is/image/wakefern/85768200301-001?$Mi9Product_cell$"
  ],
  [
    "Barnana Peanut Butter Dipped Banana Bites, 3.5 oz",
    "Open Product Description",
    "$3.49",
    "was $4.99",
    "$1.00/oz",
    "Offer Valid: Oct 29th - Nov 4th",
    "https://assets.wakefern.com/is/image/wakefern/85768200305-001?$Mi9Product_cell$"
  ],
  [
    "Bear Naked Banana Nut Granola Cereal, 12 oz",
    "Open Product Description",
    "$4.79",
    "$0.40/oz",
    "https://assets.wakefern.com/is/image/wakefern/85641600017-001?$Mi9Product_cell$"
  ],
  [
    "Bobo's Banana Chocolate Chip Oat Bar, 3 oz",
    "Open Product Description",
    "$2.99",
    "$1.00/oz",
    "https://assets.wakefern.com/is/image/wakefern/82926200004-001?$Mi9Product_cell$"
  ]
]