[
  [
    "Our Specialty Treatshop Chocolate Variety Cake, 42 oz",
    "Open Product Description",
    "$20.99",
    "$0.50/oz",
    "https://assets.wakefern.com/is/image/wakefern/4980001650-001?$Mi9Product_cell$"
  ],
  [
    "Fresh Pumpkin Loaf Cake, 18 oz.",
    "Open Product Description",
    "$4.99",
    "was $5.99",
    "$0.28/oz",
    "Offer Valid: Nov 12th - Nov 19th",
    "https://assets.wakefern.com/is/image/wakefern/BAK2874?$Mi9Product_cell$"
  ],
  [
    "Drake's Mini Pound Cakes, 6 count, 10 oz",
    "Open Product Description",
    "$3.99",
    "$0.40/oz",
    "https://assets.wakefern.com/is/image/wakefern/2430001233-001?$Mi9Product_cell$"
  ],
  [
    "Variety Cake, 46 oz",
    "Open Product Description",
    "$20.99",
    "$0.46/oz",
    "https://assets.wakefern.com/is/image/wakefern/4980015523-001?$Mi9Product_cell$"
  ],
  [
    "Drake's Funny Bones Frosted Peanut Butter Creme Filled Devils Food Cakes, 10 count, 13.73 oz",
    "Open Product Description",
    "$3.99",
    "$0.31/oz",
    "https://assets.wakefern.com/is/image/wakefern/2430001207-001?$Mi9Product_cell$"
  ],
  [
    "Drake's Ring Dings Frosted Creme Filled Devils Food Cakes, 10 count, 14.44 oz",
    "Open Product Description",
    "$3.99",
    "$0.30/oz",
    "https://assets.wakefern.com/is/image/wakefern/2430001203-001?$Mi9Product_cell$"
  ],
  [
    "Fresh Bake Shop Carrot Cake, 17 oz",
    "Open Product Description",
    "$12.99",
    "$0.76/oz",
    "https://assets.wakefern.com/is/image/wakefern/00238538000005?$Mi9Product_cell$"
  ],
  [
    "Isabella's Healthy Bakery Sugar Free Original Pound Cake, 14 oz",
    "Open Product Description",
    "$6.99",
    "$0.44/oz",
    "https://assets.wakefern.com/is/image/wakefern/76454229810-001?$Mi9Product_cell$"
  ],
  [
    "Fresh Bake Shop Chocolate Crumb Cakes, 2 Pack",
    "Open Product Description",
    "$4.99",
    "$0.42/oz",
    "https://storage.googleapis.com/images-prs-prd-c7e7986.prs.prd.v8.commerce.mi9cloud.com/srs/img/missing-Image-Square.svg"
  ],
  [
    "Fresh Bake Shop Chocolate Mousse Cake, 30 oz",
    "Open Product Description",
    "$12.99",
    "$0.43/oz",
    "https://assets.wakefern.com/is/image/wakefern/00298376000001?$Mi9Product_cell$"
  ],
  [
    "Cakes, Drake's Family Pack DEVIL DOGS Â®",
    "Open Product Description",
    "$3.99",
    "$0.31/oz",
    "https://assets.wakefern.com/is/image/wakefern/2430001201-001?$Mi9Product_cell$"
  ],
  [
    "Fresh Bake Shop Pumpkin Crumb Cakes, 2 Pack",
    "Open Product Description",
    "$4.99",
    "$0.42/oz",
    "https://storage.googleapis.com/images-prs-prd-c7e7986.prs.prd.v8.commerce.mi9cloud.com/srs/img/missing-Image-Square.svg"
  ],
  [
    "Fresh Bake Shop Apple Caramel Crumb Cakes, 2 Pack",
    "Open Product Description",
    "$4.99",
    "$0.42/oz",
    "https://storage.googleapis.com/images-prs-prd-c7e7986.prs.prd.v8.commerce.mi9cloud.com/srs/img/missing-Image-Square.svg"
  ],
  [
    "Fresh Bake Shop Chocolate Heart Shaped Cake, 17 oz",
    "Open Product Description",
    "$12.99",
    "$0.76/oz",
    "https://assets.wakefern.com/is/image/wakefern/BAK2620?$Mi9Product_cell$"
  ],
  [
    "Fresh Bake Shop Mini Chocolate Lava Cake, 6 oz",
    "Open Product Description",
    "$4.99",
    "$0.83/oz",
    "https://assets.wakefern.com/is/image/wakefern/788403121-1?$Mi9Product_cell$"
  ],
  [
    "Drake's Coffee Cakes with Cinnamon Streusel Topping Limited Edition, 10 count, 13.03 oz",
    "Open Product Description",
    "$3.99",
    "$0.35/oz",
    "https://assets.wakefern.com/is/image/wakefern/2430001202-001?$Mi9Product_cell$"
  ],
  [
    "Fresh Bake Shop Lemon Coconut Layer Cake, 7 in., 24 oz",
    "Open Product Description",
    "$19.99",
    "$0.83/oz",
    "https://assets.wakefern.com/is/image/wakefern/00298363000007?$Mi9Product_cell$"
  ],
  [
    "Carvel The Original Ice Cream Cake, 75 fl oz",
    "Open Product Description",
    "$31.99",
    "$0.43/fl oz",
    "https://assets.wakefern.com/is/image/wakefern/1626400676-001?$Mi9Product_cell$"
  ],
  [
    "Lemon Cake, 20 oz",
    "Open Product Description",
    "$5.99",
    "$0.30/oz",
    "https://assets.wakefern.com/is/image/wakefern/8314201540-001?$Mi9Product_cell$"
  ],
  [
    "Carvel Lil' Love The Original Ice Cream Cake, 25 fl oz",
    "Open Product Description",
    "$15.99",
    "$3.12/lb",
    "https://assets.wakefern.com/is/image/wakefern/1626400786-001?$Mi9Product_cell$"
  ],
  [
    "Jon Donaire Triple Layer Premium Ice Cream Cake, 4 lb 8 oz",
    "Open Product Description",
    "$33.99",
    "$8.23/lb",
    "https://assets.wakefern.com/is/image/wakefern/4980004776-001?$Mi9Product_cell$"
  ],
  [
    "Pineapple Filled Ring Cake, 16 oz",
    "Open Product Description",
    "$6.99",
    "$0.44/oz",
    "https://assets.wakefern.com/is/image/wakefern/8314201006-001?$Mi9Product_cell$"
  ],
  [
    "Pride Gourmet Chocolate Half Ring Cake",
    "Open Product Description",
    "$5.99",
    "$0.30/oz",
    "https://storage.googleapis.com/images-prs-prd-c7e7986.prs.prd.v8.commerce.mi9cloud.com/product-images/cell/00083142015446.jpg"
  ],
  [
    "Pride Gourmet Vanilla Cake, 20 oz",
    "Open Product Description",
    "$5.99",
    "$0.30/oz",
    "https://assets.wakefern.com/is/image/wakefern/8314201526-001?$Mi9Product_cell$"
  ],
  [
    "Pride Gourmet Louisiana Crunch Half Ring Cake",
    "Open Product Description",
    "$5.99",
    "$0.30/oz",
    "https://storage.googleapis.com/images-prs-prd-c7e7986.prs.prd.v8.commerce.mi9cloud.com/product-images/cell/00083142015248.jpg"
  ],
  [
    "Pride Gourmet Sock It To Me Cake, 20 oz",
    "Open Product Description",
    "$5.99",
    "$0.30/oz",
    "https://assets.wakefern.com/is/image/wakefern/8314201541-001?$Mi9Product_cell$"
  ],
  [
    "Sapore Sensuale Toasted Almond Cake, 24 oz",
    "Open Product Description",
    "$16.99",
    "was $19.99",
    "$0.71/oz",
    "Offer Valid: Nov 12th - Nov 19th",
    "https://storage.googleapis.com/images-prs-prd-c7e7986.prs.prd.v8.commerce.mi9cloud.com/product-images/cell/00025537999054.jpg"
  ],
  [
    "Fresh Bake Shop Cookies and Creme Cake, 17 oz",
    "Open Product Description",
    "$12.99",
    "$0.76/oz",
    "https://assets.wakefern.com/is/image/wakefern/00298210000006?$Mi9Product_cell$"
  ],
  [
    "Fresh Bake Shop Lemon Coconut Cake, 17 oz",
    "Open Product Description",
    "$12.99",
    "$0.76/oz",
    "https://assets.wakefern.com/is/image/wakefern/00238536000007?$Mi9Product_cell$"
  ],
  [
    "Fresh Bake Shop Rainbow Layer Cake, 8 oz",
    "Open Product Description",
    "$5.99",
    "$0.75/oz",
    "https://assets.wakefern.com/is/image/wakefern/00247199000002?$Mi9Product_cell$"
  ],
  [
    "Two-Bite Original Carrot Cake Cupcakes, 12 count, 10 oz",
    "Open Product Description",
    "$6.49",
    "$0.65/oz",
    "https://assets.wakefern.com/is/image/wakefern/77098105525-001?$Mi9Product_cell$"
  ],
  [
    "Fresh Bake Shop Black And White Cake, 7 in., 24 oz",
    "Open Product Description",
    "$19.99",
    "$0.83/oz",
    "https://assets.wakefern.com/is/image/wakefern/00298394000007?$Mi9Product_cell$"
  ],
  [
    "Fresh Bake Shop Chocolate Almond Kisses Cake, 17 oz",
    "Open Product Description",
    "$29.99",
    "$1.76/oz",
    "https://storage.googleapis.com/images-prs-prd-c7e7986.prs.prd.v8.commerce.mi9cloud.com/srs/img/missing-Image-Square.svg"
  ],
  [
    "Sapore Sensuale Tiramisu Cake, 24 oz",
    "Open Product Description",
    "$16.99",
    "was $19.99",
    "$0.71/oz",
    "Offer Valid: Nov 12th - Nov 19th",
    "https://assets.wakefern.com/is/image/wakefern/2553791904-001?$Mi9Product_cell$"
  ],
  [
    "Fresh Bake Shop 2 Slices of Chocolate Lovers Cake, 13 oz",
    "Open Product Description",
    "$4.87 avg/ea",
    "$0.37/oz",
    "Final cost based on weight",
    "https://assets.wakefern.com/is/image/wakefern/00289906000004?$Mi9Product_cell$"
  ]
]