[
  [
    "Red Apple Cheese Naturally Good Kosher Not Smoked Provolone Cheese, 8 oz",
    "Open Product Description",
    "$6.99",
    "$0.87/oz",
    "https://assets.wakefern.com/is/image/wakefern/60426202188-001?$Mi9Product_cell$"
  ],
  [
    "Red Apple Cheese Naturally Good Kosher Muenster Cheese, 8 oz",
    "Open Product Description",
    "$6.99",
    "$0.87/oz",
    "https://storage.googleapis.com/images-prs-prd-c7e7986.prs.prd.v8.commerce.mi9cloud.com/srs/img/missing-Image-Square.svg"
  ],
  [
    "Kraft Mexican Style Four Cheese, 8 oz",
    "Open Product Description",
    "$3.59",
    "$0.45/oz",
    "https://assets.wakefern.com/is/image/wakefern/2100005496-001?$Mi9Product_cell$"
  ],
  [
    "Kraft Finely Shredded Colby Jack Cheeses, 8 oz",
    "Open Product Description",
    "$3.59",
    "$0.45/oz",
    "https://assets.wakefern.com/is/image/wakefern/2100005532-001?$Mi9Product_cell$"
  ],
  [
    "Kraft Singles American Cheese Slices, 16 count, 12 oz",
    "Open Product Description",
    "$5.49",
    "$0.46/oz",
    "https://assets.wakefern.com/is/image/wakefern/2100060464-001?$Mi9Product_cell$"
  ],
  [
    "Cabot Creamery New York Extra Sharp Cheddar Cheese, 8 oz",
    "Open Product Description",
    "$3.49",
    "$0.44/oz",
    "https://assets.wakefern.com/is/image/wakefern/7835470771-001?$Mi9Product_cell$"
  ],
  [
    "Red Apple Cheese Naturally Good Kosher Swiss Cheese, 8 oz",
    "Open Product Description",
    "$6.99",
    "$0.87/oz",
    "https://assets.wakefern.com/is/image/wakefern/60426202148-009?$Mi9Product_cell$"
  ],
  [
    "BelGioioso Provolone Cheese",
    "Open Product Description",
    "$8.99/lb",
    "$8.99/lb",
    "Final cost based on weight",
    "https://assets.wakefern.com/is/image/wakefern/27739100000-014?$Mi9Product_cell$"
  ],
  [
    "Alpine Lace Provolone Cheese",
    "Open Product Description",
    "$9.99/lb",
    "$9.99/lb",
    "Final cost based on weight",
    "https://assets.wakefern.com/is/image/wakefern/00277582000005?$Mi9Product_cell$"
  ],
  [
    "Auricchio Provolone Slicing Cheese",
    "Open Product Description",
    "$9.49/lb",
    "$9.49/lb",
    "Final cost based on weight",
    "https://assets.wakefern.com/is/image/wakefern/27773600000-014?$Mi9Product_cell$"
  ],
  [
    "Cabot Creamery Vermont Extra Sharp Cheddar Cheese, 8 oz",
    "Open Product Description",
    "$3.49",
    "$0.44/oz",
    "https://assets.wakefern.com/is/image/wakefern/7835470318-001?$Mi9Product_cell$"
  ],
  [
    "Black Bear Provolone Cheese",
    "Open Product Description",
    "$9.49/lb",
    "$9.49/lb",
    "Final cost based on weight",
    "https://assets.wakefern.com/is/image/wakefern/27778600000-014?$Mi9Product_cell$"
  ],
  [
    "Bowl & Basket Provolone Cheese",
    "Open Product Description",
    "$8.49/lb",
    "$8.49/lb",
    "Final cost based on weight",
    "https://assets.wakefern.com/is/image/wakefern/00277767000004?$Mi9Product_cell$"
  ],
  [
    "Black Bear White American Cheese",
    "Open Product Description",
    "$7.99/lb",
    "$7.99/lb",
    "Final cost based on weight",
    "https://assets.wakefern.com/is/image/wakefern/27776100000-014?$Mi9Product_cell$"
  ],
  [
    "Black Bear Yellow American Cheese",
    "Open Product Description",
    "$7.99/lb",
    "$7.99/lb",
    "Final cost based on weight",
    "https://assets.wakefern.com/is/image/wakefern/27776200000-014?$Mi9Product_cell$"
  ],
  [
    "Kraft Shredded Low-Moisture Part-Skim Mozzarella Cheese, 8 oz",
    "Open Product Description",
    "$3.59",
    "$0.45/oz",
    "https://assets.wakefern.com/is/image/wakefern/2100005495-001?$Mi9Product_cell$"
  ],
  [
    "Boar's Head Picante Provolone Cheese",
    "Open Product Description",
    "$10.99/lb",
    "$10.99/lb",
    "Final cost based on weight",
    "https://assets.wakefern.com/is/image/wakefern/23650400000-014?$Mi9Product_cell$"
  ],
  [
    "Bowl & Basket White American Cheese",
    "Open Product Description",
    "$7.49/lb",
    "$7.49/lb",
    "Final cost based on weight",
    "https://assets.wakefern.com/is/image/wakefern/27774200000-014?$Mi9Product_cell$"
  ],
  [
    "Bowl & Basket Yellow American Cheese",
    "Open Product Description",
    "$6.99/lb",
    "$6.99/lb",
    "Final cost based on weight",
    "https://assets.wakefern.com/is/image/wakefern/CVP353?$Mi9Product_cell$"
  ],
  [
    "Bowl & Basket White American Cheese",
    "Open Product Description",
    "$6.99/lb",
    "$6.99/lb",
    "Final cost based on weight",
    "https://storage.googleapis.com/images-prs-prd-c7e7986.prs.prd.v8.commerce.mi9cloud.com/srs/img/missing-Image-Square.svg"
  ],
  [
    "Boar's Head Lower Sodium Provolone Cheese",
    "Open Product Description",
    "$9.99/lb",
    "$9.99/lb",
    "Final cost based on weight",
    "https://assets.wakefern.com/is/image/wakefern/tmp_00236512000003?$Mi9Product_cell$"
  ],
  [
    "Black Bear Havarti Cheese",
    "Open Product Description",
    "$8.99/lb",
    "$8.99/lb",
    "Final cost based on weight",
    "https://assets.wakefern.com/is/image/wakefern/27765700000-014?$Mi9Product_cell$"
  ],
  [
    "Land O Lakes 2% White American Cheese",
    "Open Product Description",
    "$7.99/lb",
    "$7.99/lb",
    "Final cost based on weight",
    "https://assets.wakefern.com/is/image/wakefern/00277731000009_T1?$Mi9Product_cell$?$Mi9Product_cell$"
  ],
  [
    "Boar's Head Smoked Gouda Cheese",
    "Open Product Description",
    "$11.99/lb",
    "$11.99/lb",
    "Final cost based on weight",
    "https://assets.wakefern.com/is/image/wakefern/tmp_00236534000005?$Mi9Product_cell$"
  ],
  [
    "Boar's Head Lower Fat & Sodium White American Cheese",
    "Open Product Description",
    "$9.99/lb",
    "$9.99/lb",
    "Final cost based on weight",
    "https://assets.wakefern.com/is/image/wakefern/tmp_00236522000000?$Mi9Product_cell$"
  ],
  [
    "Red Apple Cheese Naturally Good Kosher Sharp Cheddar Cheese, 8 oz",
    "Open Product Description",
    "$6.99",
    "$0.87/oz",
    "https://assets.wakefern.com/is/image/wakefern/60426202108-009?$Mi9Product_cell$"
  ],
  [
    "Boar's Head Lower Fat & Sodium Yellow American Cheese",
    "Open Product Description",
    "$9.99/lb",
    "$9.99/lb",
    "Final cost based on weight",
    "https://assets.wakefern.com/is/image/wakefern/tmp_00236521000001?$Mi9Product_cell$"
  ],
  [
    "BelGioioso Italian Cheese Board, 12 oz",
    "Open Product Description",
    "$9.99",
    "$0.83/oz",
    "https://assets.wakefern.com/is/image/wakefern/3114265402-001?$Mi9Product_cell$"
  ],
  [
    "Land O Lakes 2% Yellow American Cheese, 1 Pound",
    "Open Product Description",
    "$7.99/lb",
    "$7.99/lb",
    "Final cost based on weight",
    "https://assets.wakefern.com/is/image/wakefern/27773200000-019?$Mi9Product_cell$"
  ],
  [
    "Land O Lakes 30% Less Sodium Yellow American Cheese, 1 Pound",
    "Open Product Description",
    "$7.99/lb",
    "$7.99/lb",
    "Final cost based on weight",
    "https://assets.wakefern.com/is/image/wakefern/27772700000-014?$Mi9Product_cell$"
  ],
  [
    "Land O LakesÂ® Sliced White Deli American Cheese Product, 8 oz",
    "Open Product Description",
    "$5.49",
    "$0.69/oz",
    "https://assets.wakefern.com/is/image/wakefern/3450044688-001?$Mi9Product_cell$"
  ],
  [
    "Boar's Head Head Cheese",
    "Open Product Description",
    "$13.49/lb",
    "$13.49/lb",
    "Final cost based on weight",
    "https://assets.wakefern.com/is/image/wakefern/20723400000-014?$Mi9Product_cell$"
  ],
  [
    "esti Feta Cheese, 7 oz",
    "Open Product Description",
    "$5.99",
    "$0.86/oz",
    "https://assets.wakefern.com/is/image/wakefern/85561600733-009?$Mi9Product_cell$"
  ],
  [
    "Applegate Organic American Cheese Slices, 5oz",
    "Open Product Description",
    "$5.99",
    "$1.20/oz",
    "https://assets.wakefern.com/is/image/wakefern/2531700694-001?$Mi9Product_cell$"
  ],
  [
    "Bowl & Basket Yellow American Cheese",
    "Open Product Description",
    "$7.49/lb",
    "$7.49/lb",
    "Final cost based on weight",
    "https://assets.wakefern.com/is/image/wakefern/27774100000-014?$Mi9Product_cell$"
  ],
  [
    "Cabot Creamery Vermont Seriously Sharp Cheddar Cheese, 8 oz",
    "Open Product Description",
    "$2.00",
    "was $2.30",
    "$0.25/oz",
    "Offer Valid: Oct 29th - Nov 4th",
    "https://assets.wakefern.com/is/image/wakefern/7835470843-001?$Mi9Product_cell$"
  ],
  [
    "Kraft Singles White American Prepared Cheese Slices, 16 count, 12 oz",
    "Open Product Description",
    "$5.49",
    "$0.46/oz",
    "https://assets.wakefern.com/is/image/wakefern/2100060465-001?$Mi9Product_cell$"
  ],
  [
    "Cabot Vermont Seriously Sharp Cheddar Cheese Snack Sticks, .75, 10 count",
    "Open Product Description",
    "$2.99",
    "was $3.99",
    "$0.40/oz",
    "Offer Valid: Oct 29th - Nov 4th",
    "https://assets.wakefern.com/is/image/wakefern/7835471952-001?$Mi9Product_cell$"
  ],
  [
    "Boar's Head Longhorn Colby Cheese",
    "Open Product Description",
    "$10.99/lb",
    "$10.99/lb",
    "Final cost based on weight",
    "https://assets.wakefern.com/is/image/wakefern/00236519000006?$Mi9Product_cell$"
  ],
  [
    "Stella Dried Grated Parmesan Cheese, 5 oz",
    "Open Product Description",
    "$4.99",
    "$1.00/oz",
    "https://assets.wakefern.com/is/image/wakefern/7580587023-001?$Mi9Product_cell$"
  ],
  [
    "Stella Shredded Parmesan Cheese, 10 oz",
    "Open Product Description",
    "$6.99",
    "was $7.99",
    "$0.70/oz",
    "Offer Valid: Oct 29th - Nov 4th",
    "https://assets.wakefern.com/is/image/wakefern/7580588871-009?$Mi9Product_cell$"
  ],
  [
    "Stella Shaved Parmesan Cheese, 5 oz",
    "Open Product Description",
    "$4.99",
    "$1.00/oz",
    "https://assets.wakefern.com/is/image/wakefern/7580587126-001?$Mi9Product_cell$"
  ],
  [
    "Frigo Cheese Heads Original String Cheese, 12 count, 12 oz",
    "Open Product Description",
    "$4.99",
    "$0.42/oz",
    "https://assets.wakefern.com/is/image/wakefern/4171623215-001?$Mi9Product_cell$"
  ],
  [
    "Frigo Cheese Heads Original String Mozzarella Cheese, 24 count, 24 oz",
    "Open Product Description",
    "$8.99",
    "$0.37/oz",
    "https://assets.wakefern.com/is/image/wakefern/4171623221-001?$Mi9Product_cell$"
  ],
  [
    "Frigo Cheese Heads Light String Cheese, 12 count, 10 oz",
    "Open Product Description",
    "$4.99",
    "$0.50/oz",
    "https://assets.wakefern.com/is/image/wakefern/4171684294-001?$Mi9Product_cell$"
  ],
  [
    "Abbey Farms Grandano Vecchio Cheese",
    "Open Product Description",
    "$8.99",
    "$1.28/oz",
    "https://assets.wakefern.com/is/image/wakefern/88804500064-001?$Mi9Product_cell$"
  ]
]