[
  [
    "Archway Cookies, Classic Soft Oatmeal Cookies, 9.5 Oz",
    "Open Product Description",
    "$2.33",
    "was $3.33",
    "$0.25/oz",
    "With Price Plus Club Card",
    "Offer Valid: Nov 12th - Nov 18th",
    "https://assets.wakefern.com/is/image/wakefern/2750061336-001?$Mi9Product_cell$"
  ],
  [
    "Archway Cookies, Soft Frosty Lemon Cookies, 9.25 Oz",
    "Open Product Description",
    "$2.33",
    "was $3.33",
    "$0.25/oz",
    "With Price Plus Club Card",
    "Offer Valid: Nov 12th - Nov 18th",
    "https://assets.wakefern.com/is/image/wakefern/2750061333-001?$Mi9Product_cell$"
  ],
  [
    "Entenmann's Little Bites Soft Baked Mini Chocolate Chip Cookies, 30 count, 6.88 oz",
    "Open Product Description",
    "$4.00",
    "was $4.49",
    "$0.58/oz",
    "With Price Plus Club Card",
    "Offer Valid: Nov 12th - Nov 18th",
    "https://assets.wakefern.com/is/image/wakefern/7203002378-597?$Mi9Product_cell$"
  ],
  [
    "Entenmann's Little Bites Soft Baked Mini Party Cake Cookies, 30 count, 6.88 oz",
    "Open Product Description",
    "$4.00",
    "was $4.49",
    "$0.58/oz",
    "With Price Plus Club Card",
    "Offer Valid: Nov 12th - Nov 18th",
    "https://assets.wakefern.com/is/image/wakefern/7203002407-597?$Mi9Product_cell$"
  ],
  [
    "Pepperidge Farm Milano Milk Chocolate Cookies, 6 OZ Bag (15 Cookies)",
    "Open Product Description",
    "$4.00",
    "was $4.99",
    "$0.67/oz",
    "Offer Valid: Nov 12th - Nov 19th",
    "https://assets.wakefern.com/is/image/wakefern/1410009997-001?$Mi9Product_cell$"
  ],
  [
    "Archway Cookies, Classic Soft Oatmeal Raisin Cookies, 9.25 Oz",
    "Open Product Description",
    "$2.33",
    "was $3.33",
    "$0.25/oz",
    "With Price Plus Club Card",
    "Offer Valid: Nov 12th - Nov 18th",
    "https://assets.wakefern.com/is/image/wakefern/2750071310-001?$Mi9Product_cell$"
  ],
  [
    "Pepperidge Farm Gingerman Cookies, Ginger Cookies, 5 oz. Bag",
    "Open Product Description",
    "$4.00",
    "was $4.99",
    "$0.80/oz",
    "Offer Valid: Nov 12th - Nov 19th",
    "https://assets.wakefern.com/is/image/wakefern/1410007445-001?$Mi9Product_cell$"
  ],
  [
    "Pepperidge Farm Chessmen Butter Cookies Multipack, 8 Packs, 3 Cookies per Pack",
    "Open Product Description",
    "$7.79",
    "$1.08/oz",
    "https://assets.wakefern.com/is/image/wakefern/1410004807-001?$Mi9Product_cell$"
  ],
  [
    "Lorna Doone Shortbread Cookies, 10 Snack Packs (4 Cookies Per Pack)",
    "Open Product Description",
    "$4.50",
    "was $5.59",
    "$0.45/oz",
    "With Price Plus Club Card",
    "Offer Valid: Nov 12th - Nov 18th",
    "https://assets.wakefern.com/is/image/wakefern/4400000335-597?$Mi9Product_cell$"
  ],
  [
    "OREO White Fudge Covered Chocolate Sandwich Cookies, Holiday Cookies, 8.5 oz",
    "Open Product Description",
    "$3.00",
    "was $4.19",
    "$0.35/oz",
    "With Price Plus Club Card",
    "Offer Valid: Nov 12th - Nov 18th",
    "https://assets.wakefern.com/is/image/wakefern/4400001473-597?$Mi9Product_cell$"
  ],
  [
    "Pepperidge Farm Cookies Chocolate Collection, 7 Cookie Varieties, 13 oz. Box",
    "Open Product Description",
    "$6.99",
    "was $9.19",
    "$0.54/oz",
    "Offer Valid: Nov 12th - Nov 19th",
    "https://assets.wakefern.com/is/image/wakefern/1410004616-001?$Mi9Product_cell$"
  ],
  [
    "Pepperidge Farm Cookies Classic Collection, 9 Cookie Varieties, 13.25 oz. Box",
    "Open Product Description",
    "$6.99",
    "was $9.19",
    "$0.53/oz",
    "Offer Valid: Nov 12th - Nov 19th",
    "https://assets.wakefern.com/is/image/wakefern/1410007233-001?$Mi9Product_cell$"
  ],
  [
    "Pepperidge Farm Milano Dark Chocolate Cookies, 6 OZ Bag (15 Cookies)",
    "Open Product Description",
    "$4.00",
    "was $4.99",
    "$0.67/oz",
    "Offer Valid: Nov 12th - Nov 19th",
    "https://assets.wakefern.com/is/image/wakefern/1410007412-001?$Mi9Product_cell$"
  ],
  [
    "Pepperidge Farm Tahoe Crispy White Chocolate Macadamia Nut Cookies, 7.2 OZ Bag (8 Cookies)",
    "Open Product Description",
    "$4.00",
    "was $4.99",
    "$0.56/oz",
    "Offer Valid: Nov 12th - Nov 19th",
    "https://assets.wakefern.com/is/image/wakefern/1410007522-001?$Mi9Product_cell$"
  ],
  [
    "Bowl & Basket Oatmeal Cookies, 12 oz",
    "Open Product Description",
    "$3.39",
    "$0.28/oz",
    "https://assets.wakefern.com/is/image/wakefern/4119007581-597?$Mi9Product_cell$"
  ],
  [
    "Pepperidge Farm Milano Cookies, Dark Chocolate, 10 Packs, 2 Cookies per Pack",
    "Open Product Description",
    "$7.79",
    "$1.04/oz",
    "https://assets.wakefern.com/is/image/wakefern/1410004661-001?$Mi9Product_cell$"
  ],
  [
    "Pepperidge Farm Milano Double Dark Chocolate Cookies, 7.5 OZ Bag (15 Cookies)",
    "Open Product Description",
    "$4.00",
    "was $4.99",
    "$0.53/oz",
    "Offer Valid: Nov 12th - Nov 19th",
    "https://assets.wakefern.com/is/image/wakefern/1410007472-001?$Mi9Product_cell$"
  ],
  [
    "Pepperidge Farm Milano Double Milk Chocolate Cookies, 7.5 ounce Bag (15 Cookies)",
    "Open Product Description",
    "$4.00",
    "was $4.99",
    "$0.53/oz",
    "Offer Valid: Nov 12th - Nov 19th",
    "https://assets.wakefern.com/is/image/wakefern/1410004743-001?$Mi9Product_cell$"
  ],
  [
    "Pepperidge Farm Chesapeake Crispy Dark Chocolate Pecan Cookies, 7.2 OZ Bag (8 Cookies)",
    "Open Product Description",
    "$4.00",
    "was $4.99",
    "$0.56/oz",
    "Offer Valid: Nov 12th - Nov 19th",
    "https://assets.wakefern.com/is/image/wakefern/1410007708-001?$Mi9Product_cell$"
  ],
  [
    "DunkAroos Vanilla Cookies and Chocolate Frosting",
    "Open Product Description",
    "$1.99",
    "$1.33/oz",
    "https://assets.wakefern.com/is/image/wakefern/1600029617-001?$Mi9Product_cell$"
  ],
  [
    "Ginger Snaps Cookies, 16 oz",
    "Open Product Description",
    "$4.50",
    "was $5.59",
    "$0.28/oz",
    "With Price Plus Club Card",
    "Offer Valid: Nov 12th - Nov 18th",
    "https://assets.wakefern.com/is/image/wakefern/4400000365-001?$Mi9Product_cell$"
  ],
  [
    "Dewey's Bakery Brownie Crisp Cookies, 9 oz",
    "Open Product Description",
    "$3.99",
    "was $4.49",
    "$0.44/oz",
    "Offer Valid: Nov 12th - Nov 19th",
    "https://assets.wakefern.com/is/image/wakefern/76302770193-001?$Mi9Product_cell$"
  ],
  [
    "Dewey's Bakery Meyer Lemon Cookies, 9 oz",
    "Open Product Description",
    "$3.99",
    "was $4.49",
    "$0.44/oz",
    "Offer Valid: Nov 12th - Nov 19th",
    "https://assets.wakefern.com/is/image/wakefern/76302770189-001?$Mi9Product_cell$"
  ],
  [
    "Dewey's Bakery Salted Caramel Cookies, 9 oz",
    "Open Product Description",
    "$3.99",
    "was $4.49",
    "$0.44/oz",
    "Offer Valid: Nov 12th - Nov 19th",
    "https://assets.wakefern.com/is/image/wakefern/76302770197-001?$Mi9Product_cell$"
  ],
  [
    "Keebler Fudge Stripes Original Cookies, 11.5 oz",
    "Open Product Description",
    "$3.00",
    "was $4.19",
    "$0.26/oz",
    "With Price Plus Club Card",
    "Offer Valid: Nov 12th - Nov 18th",
    "https://assets.wakefern.com/is/image/wakefern/2780006570-001?$Mi9Product_cell$"
  ],
  [
    "Keebler Grasshopper Mint & Fudge Cookies, 10 oz",
    "Open Product Description",
    "$3.00",
    "was $4.19",
    "$0.30/oz",
    "With Price Plus Club Card",
    "Offer Valid: Nov 12th - Nov 18th",
    "https://assets.wakefern.com/is/image/wakefern/2780006571-001?$Mi9Product_cell$"
  ],
  [
    "Keebler Original Fudge Sticks Cookies, 8.5 oz",
    "Open Product Description",
    "$3.00",
    "was $4.19",
    "$0.35/oz",
    "With Price Plus Club Card",
    "Offer Valid: Nov 12th - Nov 18th",
    "https://assets.wakefern.com/is/image/wakefern/2780006580-001?$Mi9Product_cell$"
  ],
  [
    "Keebler Sandies Classic Shortbread Cookies, 11.2 oz",
    "Open Product Description",
    "$3.00",
    "was $4.19",
    "$0.27/oz",
    "With Price Plus Club Card",
    "Offer Valid: Nov 12th - Nov 18th",
    "https://assets.wakefern.com/is/image/wakefern/2780006597-001?$Mi9Product_cell$"
  ],
  [
    "Keebler Sandies Pecan Shortbread Cookies, 11.3 oz",
    "Open Product Description",
    "$3.00",
    "was $4.19",
    "$0.27/oz",
    "With Price Plus Club Card",
    "Offer Valid: Nov 12th - Nov 18th",
    "https://assets.wakefern.com/is/image/wakefern/2780006557-001?$Mi9Product_cell$"
  ],
  [
    "Royal Dansk Danish Butter Cookies, 12 oz",
    "Open Product Description",
    "$5.99",
    "$0.50/oz",
    "https://assets.wakefern.com/is/image/wakefern/7733053005-001?$Mi9Product_cell$"
  ],
  [
    "Pepperidge Farm Maui Milk Chocolate Coconut Almond Cookies, 8 Crispy Cookies, 7.2 oz. Bag",
    "Open Product Description",
    "$4.00",
    "was $4.99",
    "$0.56/oz",
    "Offer Valid: Nov 12th - Nov 19th",
    "https://assets.wakefern.com/is/image/wakefern/1410009842-001?$Mi9Product_cell$"
  ],
  [
    "Pepperidge Farm Montauk Soft Baked Milk Chocolate Chunk Cookies, 8.6 OZ Bag (8 Cookies)",
    "Open Product Description",
    "$4.00",
    "was $4.99",
    "$0.47/oz",
    "Offer Valid: Nov 12th - Nov 19th",
    "https://assets.wakefern.com/is/image/wakefern/1410008900-001?$Mi9Product_cell$"
  ]
]