[
  [
    "Onion Vidalia, 0.3 pound",
    "Open Product Description",
    "$0.45 avg/ea",
    "$1.49/lb",
    "Final cost based on weight",
    "https://assets.wakefern.com/is/image/wakefern/472879860_sm?$Mi9Product_cell$"
  ],
  [
    "Red Onion 1 ct, 10 oz",
    "Open Product Description",
    "$0.93 avg/ea",
    "$1.49/lb",
    "Final cost based on weight",
    "https://assets.wakefern.com/is/image/wakefern/680535110?$Mi9Product_cell$"
  ],
  [
    "Alexia Crispy Onion Rings with Panko Breading and Sea Salt, 13.5 oz",
    "Open Product Description",
    "$5.99",
    "$0.44/oz",
    "https://assets.wakefern.com/is/image/wakefern/83418300705-001?$Mi9Product_cell$"
  ],
  [
    "White Onion, 1 ct, 13 oz",
    "Open Product Description",
    "$1.37 avg/ea",
    "$1.69/lb",
    "Final cost based on weight",
    "https://assets.wakefern.com/is/image/wakefern/yelw%20onion_489766050?$Mi9Product_cell$"
  ],
  [
    "Wholesome Pantry Organic Fresh Yellow Onions, 3 lb",
    "Open Product Description",
    "$3.49",
    "was $4.49",
    "$0.07/oz",
    "Offer Valid: Nov 12th - Nov 19th",
    "https://assets.wakefern.com/is/image/wakefern/4119007096-001?$Mi9Product_cell$"
  ],
  [
    "Minkus Family Farms, Inc Red, White and Yellow Onion Variety Pack, 3 count, 1.75 lbs",
    "Open Product Description",
    "$3.49",
    "$31.91/lb",
    "https://assets.wakefern.com/is/image/wakefern/85726000525-001?$Mi9Product_cell$"
  ],
  [
    "Bowl & Basket Yellow & Red Onions, 5 lb",
    "Open Product Description",
    "$5.99",
    "$1.20/lb",
    "https://assets.wakefern.com/is/image/wakefern/4119007634-001?$Mi9Product_cell$"
  ],
  [
    "Petite Sweet Vidalia Onions",
    "Open Product Description",
    "$1.99",
    "https://assets.wakefern.com/is/image/wakefern/PRO2722?$Mi9Product_cell$"
  ],
  [
    "Vidalia Onions, 10 oz",
    "Open Product Description",
    "$0.93 avg/ea",
    "$0.09/oz",
    "Final cost based on weight",
    "https://assets.wakefern.com/is/image/wakefern/4159-001?$Mi9Product_cell$"
  ],
  [
    "Organic Yellow Onion, 3 lb Bag, 3 pound",
    "Open Product Description",
    "$3.49",
    "was $4.49",
    "$1.16/lb",
    "Offer Valid: Nov 12th - Nov 19th",
    "https://storage.googleapis.com/images-prs-prd-c7e7986.prs.prd.v8.commerce.mi9cloud.com/product-images/cell/00000000990240.jpg"
  ],
  [
    "Red Onions, 2lb Bag, 2 pound",
    "Open Product Description",
    "$2.99",
    "$1.50/lb",
    "https://assets.wakefern.com/is/image/wakefern/Red%20Onion_625605576?$Mi9Product_cell$"
  ],
  [
    "Spanish Onion, 1 ct, 20 oz",
    "Open Product Description",
    "$1.49 avg/ea",
    "$1.19/lb",
    "Final cost based on weight",
    "https://storage.googleapis.com/images-prs-prd-c7e7986.prs.prd.v8.commerce.mi9cloud.com/product-images/cell/00000000040938.jpg"
  ],
  [
    "Sweet Onion, 1 ct, 20 oz",
    "Open Product Description",
    "$1.61 avg/ea",
    "$0.08/oz",
    "Final cost based on weight",
    "https://storage.googleapis.com/images-prs-prd-c7e7986.prs.prd.v8.commerce.mi9cloud.com/product-images/cell/00000000041652.jpg"
  ],
  [
    "Yellow Onion, 1 ct, 20 oz",
    "Open Product Description",
    "$1.24 avg/ea",
    "$0.99/lb",
    "Final cost based on weight",
    "https://assets.wakefern.com/is/image/wakefern/yello%20TS517938136?$Mi9Product_cell$"
  ],
  [
    "Fresh Onions - 3 lb Bag, 1 each",
    "Open Product Description",
    "$2.49",
    "was $2.99",
    "Offer Valid: Nov 12th - Nov 19th",
    "https://storage.googleapis.com/images-prs-prd-c7e7986.prs.prd.v8.commerce.mi9cloud.com/product-images/cell/00000000090247.jpg"
  ],
  [
    "Sweet Onions, 5 lb Bag, 5 pound",
    "Open Product Description",
    "$4.49",
    "$0.90/lb",
    "https://storage.googleapis.com/images-prs-prd-c7e7986.prs.prd.v8.commerce.mi9cloud.com/product-images/cell/00000000091879.jpg"
  ],
  [
    "Red & Yellow Onions - Combo, 5lb Bag, 5 pound",
    "Open Product Description",
    "$5.99",
    "$1.20/lb",
    "https://storage.googleapis.com/images-prs-prd-c7e7986.prs.prd.v8.commerce.mi9cloud.com/product-images/cell/00000000090308.jpg"
  ],
  [
    "Litehouse Red Onion, 0.6 oz",
    "Open Product Description",
    "$4.99",
    "was $5.49",
    "$8.32/oz",
    "Offer Valid: Nov 12th - Nov 19th",
    "https://storage.googleapis.com/images-prs-prd-c7e7986.prs.prd.v8.commerce.mi9cloud.com/product-images/cell/00077661335987.jpg"
  ],
  [
    "Bowl & Basket Garlic, 5 count, 5 oz",
    "Open Product Description",
    "$2.29",
    "$0.46/oz",
    "https://assets.wakefern.com/is/image/wakefern/4119007615-597?$Mi9Product_cell$"
  ],
  [
    "Bowl & Basket Shallots, 6 oz",
    "Open Product Description",
    "$2.49",
    "$0.42/oz",
    "https://assets.wakefern.com/is/image/wakefern/4119007618-597?$Mi9Product_cell$"
  ],
  [
    "Auerpak White Pearl Onions, 10 oz",
    "Open Product Description",
    "$3.99",
    "$0.40/oz",
    "https://storage.googleapis.com/images-prs-prd-c7e7986.prs.prd.v8.commerce.mi9cloud.com/product-images/cell/00070873040106.jpg"
  ],
  [
    "Melissa's Perfect Sweet Onions, 2 lb",
    "Open Product Description",
    "$5.49",
    "$1.83 each",
    "https://storage.googleapis.com/images-prs-prd-c7e7986.prs.prd.v8.commerce.mi9cloud.com/product-images/cell/00045255136029.jpg"
  ],
  [
    "French's Original Crispy Fried Onions, 2.8 oz",
    "Open Product Description",
    "$2.99",
    "$1.07/oz",
    "https://assets.wakefern.com/is/image/wakefern/4150022022-001?$Mi9Product_cell$"
  ],
  [
    "Preserved Harvest Sweet Pickled Garlic Pints",
    "Open Product Description",
    "$9.99",
    "$0.67/fl oz",
    "https://storage.googleapis.com/images-prs-prd-c7e7986.prs.prd.v8.commerce.mi9cloud.com/srs/img/missing-Image-Square.svg"
  ],
  [
    "Sable & Rosenfeld Vermouth Tipsy Onions, 5 oz",
    "Open Product Description",
    "$3.99",
    "$0.81/oz",
    "https://assets.wakefern.com/is/image/wakefern/6970290015-001-1?$Mi9Product_cell$"
  ],
  [
    "Bowl & Basket Red Onions, 2 lb",
    "Open Product Description",
    "$2.99",
    "$1.50/lb",
    "https://assets.wakefern.com/is/image/wakefern/4119007642-597?$Mi9Product_cell$"
  ],
  [
    "Bowl & Basket Sweet Onions, 3 lb",
    "Open Product Description",
    "$3.49",
    "$1.16/lb",
    "https://assets.wakefern.com/is/image/wakefern/4119007635-001?$Mi9Product_cell$"
  ],
  [
    "Bowl & Basket Yellow Onions, 3 lb",
    "Open Product Description",
    "$2.49",
    "was $2.99",
    "$0.83/lb",
    "Offer Valid: Nov 12th - Nov 19th",
    "https://assets.wakefern.com/is/image/wakefern/4119007641-597?$Mi9Product_cell$"
  ],
  [
    "Polaner Chopped Garlic, 25 oz",
    "Open Product Description",
    "$9.99",
    "$0.40/oz",
    "https://assets.wakefern.com/is/image/wakefern/7240000588-001?$Mi9Product_cell$"
  ],
  [
    "Aunt Nellie's Onions - Holland-Style Whole, 14 oz",
    "Open Product Description",
    "$2.69",
    "$0.19/oz",
    "https://storage.googleapis.com/images-prs-prd-c7e7986.prs.prd.v8.commerce.mi9cloud.com/srs/img/missing-Image-Square.svg"
  ],
  [
    "Spice World Easy Onion, 9.5 oz",
    "Open Product Description",
    "$3.49",
    "was $3.99",
    "$0.37/oz",
    "Offer Valid: Nov 12th - Nov 19th",
    "https://assets.wakefern.com/is/image/wakefern/7096900417-001?$Mi9Product_cell$"
  ]
]