[
  [
    "Pringles BBQ Potato Crisps Chips, 5.5 oz",
    "Open Product Description",
    "$2.49",
    "$0.45/oz",
    "https://assets.wakefern.com/is/image/wakefern/3800018371-597?$Mi9Product_cell$"
  ],
  [
    "Pringles BBQ Potato Crisps Chips, 7.1 oz",
    "Open Product Description",
    "$2.60",
    "was $2.99",
    "$0.37/oz",
    "With Price Plus Club Card",
    "Offer Valid: Nov 26th - Dec 2nd",
    "https://assets.wakefern.com/is/image/wakefern/3800017593-597?$Mi9Product_cell$"
  ],
  [
    "Pringles Original Potato Crisps Chips, 2.3 oz",
    "Open Product Description",
    "$1.39",
    "$0.60/oz",
    "https://assets.wakefern.com/is/image/wakefern/3800084524-597?$Mi9Product_cell$"
  ],
  [
    "Pringles Original Potato Crisps Chips, 5.2 oz",
    "Open Product Description",
    "$2.49",
    "$0.48/oz",
    "https://assets.wakefern.com/is/image/wakefern/3800013841-597?$Mi9Product_cell$"
  ],
  [
    "Pringles Original Potato Crisps Chips, 6.8 oz",
    "Open Product Description",
    "$2.60",
    "was $2.99",
    "$0.38/oz",
    "With Price Plus Club Card",
    "Offer Valid: Nov 26th - Dec 2nd",
    "https://assets.wakefern.com/is/image/wakefern/3800016966-597?$Mi9Product_cell$"
  ],
  [
    "Pringles Pizza Potato Crisps Chips, 5.5 oz",
    "Open Product Description",
    "$2.49",
    "$0.45/oz",
    "https://assets.wakefern.com/is/image/wakefern/3800013863-597?$Mi9Product_cell$"
  ],
  [
    "Pringles Cheddar Cheese Potato Crisps Chips, 5.5 oz",
    "Open Product Description",
    "$2.49",
    "$0.45/oz",
    "https://assets.wakefern.com/is/image/wakefern/3800013857-597?$Mi9Product_cell$"
  ],
  [
    "Pringles Cheddar Cheese Potato Crisps Chips, 7.1 oz",
    "Open Product Description",
    "$2.60",
    "was $2.99",
    "$0.37/oz",
    "With Price Plus Club Card",
    "Offer Valid: Nov 26th - Dec 2nd",
    "https://assets.wakefern.com/is/image/wakefern/3800017591-597?$Mi9Product_cell$"
  ],
  [
    "Pringles Salt and Vinegar Potato Crisps Chips, 5.5 oz",
    "Open Product Description",
    "$2.49",
    "$0.45/oz",
    "https://assets.wakefern.com/is/image/wakefern/3800013860-597?$Mi9Product_cell$"
  ],
  [
    "Pringles Scorchin' BBQ Potato Crisps Chips, 5.5 oz",
    "Open Product Description",
    "$2.49",
    "$0.45/oz",
    "https://assets.wakefern.com/is/image/wakefern/3800024556-597?$Mi9Product_cell$"
  ],
  [
    "Pringles Scorchin' Buffalo Potato Crisps Chips, 5.5 oz",
    "Open Product Description",
    "$2.49",
    "$0.45/oz",
    "https://assets.wakefern.com/is/image/wakefern/3800021791-597?$Mi9Product_cell$"
  ],
  [
    "Pringles Scorchin' Cheddar Potato Crisps Chips, 5.5 oz",
    "Open Product Description",
    "$2.49",
    "$0.45/oz",
    "https://assets.wakefern.com/is/image/wakefern/3800024553-597?$Mi9Product_cell$"
  ],
  [
    "Pringles Lightly Salted Original Potato Crisps Chips, 5.2 oz",
    "Open Product Description",
    "$2.49",
    "$0.48/oz",
    "https://assets.wakefern.com/is/image/wakefern/3800013881-597?$Mi9Product_cell$"
  ],
  [
    "Pringles Original Potato Crisps Chips, 8 oz, 12 Count",
    "Open Product Description",
    "$6.99",
    "$0.87/oz",
    "https://assets.wakefern.com/is/image/wakefern/3800084577-597?$Mi9Product_cell$"
  ],
  [
    "Pringles Reduced Fat Original Potato Crisps Chips, 4.9 oz",
    "Open Product Description",
    "$2.49",
    "$0.51/oz",
    "https://assets.wakefern.com/is/image/wakefern/3800016527-597?$Mi9Product_cell$"
  ],
  [
    "Pringles Sour Cream and Onion Potato Crisps Chips, 2.5 oz",
    "Open Product Description",
    "$1.39",
    "$0.56/oz",
    "https://assets.wakefern.com/is/image/wakefern/3800084525-597?$Mi9Product_cell$"
  ],
  [
    "Pringles Sour Cream and Onion Potato Crisps Chips, 5.5 oz",
    "Open Product Description",
    "$2.49",
    "$0.45/oz",
    "https://assets.wakefern.com/is/image/wakefern/3800013843-597?$Mi9Product_cell$"
  ],
  [
    "Pringles Sour Cream and Onion Potato Crisps Chips, 7.1 oz",
    "Open Product Description",
    "$2.60",
    "was $2.99",
    "$0.37/oz",
    "With Price Plus Club Card",
    "Offer Valid: Nov 26th - Dec 2nd",
    "https://assets.wakefern.com/is/image/wakefern/3800016968-597?$Mi9Product_cell$"
  ],
  [
    "MorningStar Farms Pringles Original Flavor Meatless Chicken Fries, 13.5 oz",
    "Open Product Description",
    "$9.39",
    "$0.70/oz",
    "https://assets.wakefern.com/is/image/wakefern/2898910513-001?$Mi9Product_cell$"
  ],
  [
    "Pringles Cheddar Cheese Potato Crisps Chips, 8.8 oz, 12 Count",
    "Open Product Description",
    "$6.99",
    "$0.79/oz",
    "https://assets.wakefern.com/is/image/wakefern/3800000701-001?$Mi9Product_cell$"
  ],
  [
    "Pringles Harvest Blends Farmhouse Cheddar Potato Crisps Chips, 5.5 oz",
    "Open Product Description",
    "$2.49",
    "$0.45/oz",
    "https://assets.wakefern.com/is/image/wakefern/3800028023-597?$Mi9Product_cell$"
  ],
  [
    "Pringles Harvest Blends Homestyle Ranch Potato Crisps Chips, 5.5 oz",
    "Open Product Description",
    "$2.49",
    "$0.45/oz",
    "https://assets.wakefern.com/is/image/wakefern/3800028019-597?$Mi9Product_cell$"
  ],
  [
    "Pringles Harvest Blends Sea Salt Potato Crisps Chips, 5.5 oz",
    "Open Product Description",
    "$2.49",
    "$0.45/oz",
    "https://assets.wakefern.com/is/image/wakefern/3800028021-597?$Mi9Product_cell$"
  ],
  [
    "Pringles Harvest Blends Smoky BBQ Potato Crisps Chips, 5.5 oz",
    "Open Product Description",
    "$2.49",
    "$0.45/oz",
    "https://assets.wakefern.com/is/image/wakefern/3800028017-597?$Mi9Product_cell$"
  ],
  [
    "Pringles Scorchin' Sour Cream and Onion Potato Crisps Chips, 5.5 oz",
    "Open Product Description",
    "$2.49",
    "$0.45/oz",
    "https://assets.wakefern.com/is/image/wakefern/3800024939-597?$Mi9Product_cell$"
  ],
  [
    "Pringles Variety Pack Potato Crisps Chips, 12.9 oz, 18 Count",
    "Open Product Description",
    "$12.49",
    "$0.97/oz",
    "https://assets.wakefern.com/is/image/wakefern/3800018252-597?$Mi9Product_cell$"
  ],
  [
    "Pringles Sour Cream and Onion Potato Crisps Chips, 8.8 oz, 12 Count",
    "Open Product Description",
    "$6.99",
    "$0.79/oz",
    "https://assets.wakefern.com/is/image/wakefern/3800084578-597?$Mi9Product_cell$"
  ],
  [
    "Pringles Snack Stacks Variety Pack Potato Crisps Chips, 19.3 oz, 27 Count",
    "Open Product Description",
    "$15.99",
    "$0.83/oz",
    "https://assets.wakefern.com/is/image/wakefern/3800018258-597?$Mi9Product_cell$"
  ]
]