[
  [
    "Wash & Shampoo, 33 Fl. Oz",
    "Open Product Description",
    "$18.49",
    "$0.56/fl oz",
    "With Price Plus Club Card",
    "Offer Valid: Oct 28th - Nov 4th",
    "https://assets.wakefern.com/is/image/wakefern/38137118416-001?$Mi9Product_cell$"
  ],
  [
    "SGX NYC Salon Grafix Dry Touch Volumizing Dry Shampoo, 6.5 oz",
    "Open Product Description",
    "$7.99",
    "$1.23/oz",
    "https://assets.wakefern.com/is/image/wakefern/3404400039-001?$Mi9Product_cell$"
  ],
  [
    "Herbal Essences Bío:Renew Argan Oil Repair Shampoo, 13.5 fl oz",
    "Open Product Description",
    "$6.79",
    "was $7.99",
    "$0.50/fl oz",
    "Offer Valid: Oct 29th - Nov 4th",
    "https://assets.wakefern.com/is/image/wakefern/19067900008-596?$Mi9Product_cell$"
  ],
  [
    "Herbal Essences Bío:Renew Hemp + Potent Aloe Shampooing, 13.5 fl oz",
    "Open Product Description",
    "$6.79",
    "was $7.99",
    "$0.50/fl oz",
    "Offer Valid: Oct 29th - Nov 4th",
    "https://assets.wakefern.com/is/image/wakefern/19067900446-596?$Mi9Product_cell$"
  ],
  [
    "Herbal Essences Bío:Renew White Grapefruit & Mint Shampoo, 13.5 fl oz",
    "Open Product Description",
    "$6.79",
    "was $7.99",
    "$0.50/fl oz",
    "Offer Valid: Oct 29th - Nov 4th",
    "https://assets.wakefern.com/is/image/wakefern/19067900002-596?$Mi9Product_cell$"
  ],
  [
    "PANTENE PRO-V Daily Moisture Renewal Shampoo, 27.7 oz/820 mL",
    "Open Product Description",
    "$8.99",
    "$0.32/fl oz",
    "https://assets.wakefern.com/is/image/wakefern/8087819525-596?$Mi9Product_cell$"
  ],
  [
    "Hask Charcoal with Citrus Purifying Dry Shampoo, 4.3 oz",
    "Open Product Description",
    "$5.99",
    "$1.39/oz",
    "https://assets.wakefern.com/is/image/wakefern/7116437123-001?$Mi9Product_cell$"
  ],
  [
    "Eucerin Baby Wash & Shampoo, 13.5 fl oz",
    "Open Product Description",
    "$10.99",
    "$0.81/fl oz",
    "https://assets.wakefern.com/is/image/wakefern/7214001984-001?$Mi9Product_cell$"
  ],
  [
    "Johnson's Baby Shampoo 13.6, Fl. Oz (400 Ml)",
    "Open Product Description",
    "$4.99",
    "$0.37/fl oz",
    "With Price Plus Club Card",
    "Offer Valid: Oct 28th - Nov 4th",
    "https://assets.wakefern.com/is/image/wakefern/38137117730-001?$Mi9Product_cell$"
  ],
  [
    "Johnson's Baby Shampoo 20.3 Fl. Oz (600 Ml)",
    "Open Product Description",
    "$6.49",
    "$0.32/fl oz",
    "https://assets.wakefern.com/is/image/wakefern/38137117502-001?$Mi9Product_cell$"
  ],
  [
    "Aussie Miracle Moist Shampoo, 26.2 fl oz",
    "Open Product Description",
    "$7.99",
    "was $8.99",
    "$0.30/fl oz",
    "With Price Plus Club Card",
    "Offer Valid: Oct 29th - Nov 4th",
    "https://assets.wakefern.com/is/image/wakefern/38151918677-596?$Mi9Product_cell$"
  ],
  [
    "Johnson's Calming Shampoo 20.3 Fl. Oz (600 Ml)",
    "Open Product Description",
    "$6.49",
    "$0.32/fl oz",
    "https://assets.wakefern.com/is/image/wakefern/38137117572-001?$Mi9Product_cell$"
  ],
  [
    "ShopRite Tear Free Baby Shampoo, 13.6 fl oz",
    "Open Product Description",
    "$3.49",
    "$0.26/fl oz",
    "https://assets.wakefern.com/is/image/wakefern/4119022931-001?$Mi9Product_cell$"
  ],
  [
    "ShopRite Tear Free Soothing Baby Shampoo, 13.6 fl oz",
    "Open Product Description",
    "$3.49",
    "$0.26/fl oz",
    "https://assets.wakefern.com/is/image/wakefern/4119022932-001?$Mi9Product_cell$"
  ],
  [
    "Burt's Bees Baby Sensitive Foaming Shampoo & Wash, 8.4 fl oz",
    "Open Product Description",
    "$8.99",
    "$1.07/fl oz",
    "https://assets.wakefern.com/is/image/wakefern/79285090538-001?$Mi9Product_cell$"
  ],
  [
    "Pantene Nutrient Blends Miracle Moisture Boost Rose Water Shampoo for Dry Hair, Sulfate Free, 9.6 fl oz",
    "Open Product Description",
    "$8.99",
    "$0.94/fl oz",
    "https://assets.wakefern.com/is/image/wakefern/8087819095-001?$Mi9Product_cell$"
  ],
  [
    "Native Cucumber & Mint Shampoo 16.5",
    "Open Product Description",
    "$10.99",
    "$0.67/fl oz",
    "https://assets.wakefern.com/is/image/wakefern/81215403327-001?$Mi9Product_cell$"
  ],
  [
    "Finesse Shampoo Moisturizer, 13 fl oz",
    "Open Product Description",
    "$3.29",
    "$0.25/fl oz",
    "https://assets.wakefern.com/is/image/wakefern/6799050138-001?$Mi9Product_cell$"
  ],
  [
    "Finesse Shampoo Normal, 13 fl oz",
    "Open Product Description",
    "$3.29",
    "$0.25/fl oz",
    "https://assets.wakefern.com/is/image/wakefern/6799050141-001?$Mi9Product_cell$"
  ],
  [
    "Mixed Chicks Shampoo, 10 fl oz",
    "Open Product Description",
    "$7.99",
    "was $9.99",
    "$0.80/fl oz",
    "Offer Valid: Oct 29th - Nov 4th",
    "https://assets.wakefern.com/is/image/wakefern/18456000002-001?$Mi9Product_cell$"
  ],
  [
    "Monday Moisture Shampoo, 12 fl oz",
    "Open Product Description",
    "$8.49",
    "$0.71/fl oz",
    "https://assets.wakefern.com/is/image/wakefern/81000541446-001?$Mi9Product_cell$"
  ],
  [
    "Monday Smooth Shampoo, 12 fl oz",
    "Open Product Description",
    "$8.49",
    "$0.71/fl oz",
    "https://assets.wakefern.com/is/image/wakefern/81000541445-009?$Mi9Product_cell$"
  ],
  [
    "Native Citrus & Herbal Musk Shampoo 16.5",
    "Open Product Description",
    "$10.99",
    "$0.67/fl oz",
    "https://assets.wakefern.com/is/image/wakefern/81215403534-001?$Mi9Product_cell$"
  ],
  [
    "Pureology Hydrate Shampoo, 9 fl oz",
    "Open Product Description",
    "$35.99",
    "$4.00/fl oz",
    "https://assets.wakefern.com/is/image/wakefern/84399202552-001?$Mi9Product_cell$"
  ],
  [
    "Suave Shampoo Rosemary and Mint 12.6 oz",
    "Open Product Description",
    "$2.50",
    "was $3.29",
    "$0.20/oz",
    "Offer Valid: Oct 29th - Nov 4th",
    "https://assets.wakefern.com/is/image/wakefern/7940006663-001?$Mi9Product_cell$"
  ],
  [
    "Bare Biotics Thickening Shampoo, 16 fl oz",
    "Open Product Description",
    "$8.99",
    "$0.56/fl oz",
    "https://assets.wakefern.com/is/image/wakefern/85002736109-001?$Mi9Product_cell$"
  ],
  [
    "Biosilk Silk Therapy Shampoo, 12 fl oz",
    "Open Product Description",
    "$14.99",
    "$1.25/fl oz",
    "https://storage.googleapis.com/images-prs-prd-c7e7986.prs.prd.v8.commerce.mi9cloud.com/srs/img/missing-Image-Square.svg"
  ],
  [
    "Dove Nutritive Solutions Intensive Repair Shampoo & Conditioner",
    "Open Product Description",
    "$7.49",
    "$0.62/fl oz",
    "https://assets.wakefern.com/is/image/wakefern/7940071601-597?$Mi9Product_cell$"
  ],
  [
    "Dove Shampoo Hydration Spa 13.5 fl oz",
    "Open Product Description",
    "$7.99",
    "$0.59/fl oz",
    "https://assets.wakefern.com/is/image/wakefern/7940047897-597?$Mi9Product_cell$"
  ],
  [
    "Dove Ultra Care Daily Moisture Shampoo + Conditioner",
    "Open Product Description",
    "$7.49",
    "$0.31/fl oz",
    "https://assets.wakefern.com/is/image/wakefern/7940046095-001?$Mi9Product_cell$"
  ],
  [
    "Dove Volume Shampoo Thickening Ritual 12 oz",
    "Open Product Description",
    "$4.49",
    "$0.37/oz",
    "https://assets.wakefern.com/is/image/wakefern/7940045152-001?$Mi9Product_cell$"
  ],
  [
    "Living Proof Full Shampoo, 8.0 fl oz",
    "Open Product Description",
    "$27.99",
    "$3.50/fl oz",
    "https://assets.wakefern.com/is/image/wakefern/84399209465-001?$Mi9Product_cell$"
  ],
  [
    "Matrix Biolage-Smoothproof Shampoo, 13.5 fl oz",
    "Open Product Description",
    "$22.99",
    "$1.70/fl oz",
    "https://assets.wakefern.com/is/image/wakefern/84399205750-001?$Mi9Product_cell$"
  ],
  [
    "Nexxus Color Assure Shampoo, 13.5 fl oz",
    "Open Product Description",
    "$15.99",
    "$1.18/oz",
    "https://assets.wakefern.com/is/image/wakefern/60559211053-597?$Mi9Product_cell$"
  ],
  [
    "Nexxus Therappe Shampoo Ultimate Moisture 13.5 oz",
    "Open Product Description",
    "$15.99",
    "$1.18/fl oz",
    "https://assets.wakefern.com/is/image/wakefern/60559210553-597?$Mi9Product_cell$"
  ]
]